<?xml version="1.0" encoding="UTF-8"?>
<record xmlns="http://www.loc.gov/MARC21/slim">
   <leader>01044cam a22003015  4500</leader>
   <controlfield tag="001">2788108</controlfield>
   <controlfield tag="003">NjP</controlfield>
   <controlfield tag="005">20171013181104.0</controlfield>
   <controlfield tag="008">991121s194u    ir            000 0 ara d</controlfield>
   <datafield tag="024" ind1="7" ind2=" ">
      <subfield code="a">princeton_aco003325</subfield>
      <subfield code="2">local</subfield>
   </datafield>
   <datafield ind1=" " ind2=" " tag="035">
      <subfield code="a">(OCoLC)ocn178695460</subfield>
   </datafield>
   <datafield ind1=" " ind2=" " tag="035">
      <subfield code="a">(OCoLC)ocm42865793</subfield>
   </datafield>
   <datafield ind1=" " ind2=" " tag="035">
      <subfield code="a">(OCoLC)178695460</subfield>
   </datafield>
   <datafield ind1=" " ind2=" " tag="035">
      <subfield code="9">CNJ7142TS</subfield>
   </datafield>
   <datafield ind1=" " ind2=" " tag="035">
      <subfield code="a">(NjP)2788108</subfield>
   </datafield>
   <datafield ind1=" " ind2=" " tag="040">
      <subfield code="a">PUL</subfield>
      <subfield code="c">PUL</subfield>
      <subfield code="d">PUL</subfield>
   </datafield>
   <datafield ind1=" " ind2=" " tag="049">
      <subfield code="a">PULL</subfield>
   </datafield>
   <datafield ind1=" " ind2=" " tag="079">
      <subfield code="a">ocm42865793</subfield>
   </datafield>
   <datafield ind1="1" ind2=" " tag="100">
      <subfield code="6">880-01</subfield>
      <subfield code="a">Khurāsānī, Muḥammad ibn Murtaz̤á.</subfield>
   </datafield>
   <datafield ind1="0" ind2="3" tag="245">
      <subfield code="6">880-02</subfield>
      <subfield code="a">al-Hādī fī bayān ḥaqīqat al-ṣalāh ...</subfield>
   </datafield>
   <datafield ind1=" " ind2=" " tag="260">
      <subfield code="a">[Mashhad]</subfield>
      <subfield code="b">Shirkat-i Chāpkhāneh-yi Khurāsān</subfield>
      <subfield code="c">[194-?]</subfield>
   </datafield>
   <datafield ind1=" " ind2=" " tag="300">
      <subfield code="a">238 p.</subfield>
      <subfield code="c">23 cm.</subfield>
   </datafield>
   <datafield ind1=" " ind2=" " tag="546">
      <subfield code="a">In Arabic.</subfield>
   </datafield>
   <datafield ind1=" " ind2="0" tag="650">
      <subfield code="a">Prayer</subfield>
      <subfield code="x">Islam.</subfield>
      <subfield code="0">http://id.loc.gov/authorities/subjects/sh85106123</subfield>
   </datafield>
   <datafield ind1="1" ind2=" " tag="880">
      <subfield code="6">100-01/r</subfield>
      <subfield code="a">خراساني، محمد بن مرتóزى.</subfield>
   </datafield>
   <datafield ind1="0" ind2="2" tag="880">
      <subfield code="6">245-02/r</subfield>
      <subfield code="a">الهدي في بيان حقيقة الصلاة ...</subfield>
   </datafield>
   <datafield ind1=" " ind2=" " tag="911">
      <subfield code="a">20000130</subfield>
   </datafield>
   <datafield ind1=" " ind2=" " tag="994">
      <subfield code="a">C0</subfield>
      <subfield code="b">PUL</subfield>
   </datafield>
   <datafield ind1=" " ind2=" " tag="999">
      <subfield code="a">2788108</subfield>
   </datafield>
   <datafield ind1="0" ind2="0" tag="852">
      <subfield code="0">3099072</subfield>
      <subfield code="b">rcppa</subfield>
      <subfield code="t">1</subfield>
      <subfield code="h">BP183.3</subfield>
      <subfield code="i">.K487 1940z</subfield>
      <subfield code="x">tr fr nec</subfield>
   </datafield>
   <datafield ind1=" " ind2=" " tag="959">
      <subfield code="a">2009-06-30 15:08:41 -0400</subfield>
   </datafield>
</record>
